@article{levi2015,
  author    = {Retsef Levi and Georgia Perakis and Joline Uichanco},
  title     = {The data-driven newsvendor problem: New bounds and insights},
  journal   = {Operations Research},
  volume    = {63},
  number    = {6},
  pages     = {1294--1306},
  year      = {2015}
}

@article{shen2024,
  author    = {Weiguo Shen and Luyi Luo and Lei Zhang and Tao Zhu},
  title     = {A data-driven newsvendor model for elective-emergency admission control under uncertain inpatient bed capacity},
  journal   = {Journal of Evidence-Based Medicine},
  volume    = {17},
  number    = {1},
  pages     = {78--85},
  year      = {2024},
  doi       = {10.1111/jebm.12599}
}

@article{patra2021,
  author    = {Tanmay Patra and Jaya Jha},
  title     = {A two-period newsvendor model for prepositioning with a post-disaster replenishment using Bayesian demand update},
  journal   = {Socio-Economic Planning Sciences},
  volume    = {78},
  pages     = {101080},
  year      = {2021},
  doi       = {10.1016/j.seps.2021.101080}
}

@article{willmott2005,
  author    = {Cort J. Willmott and Kenji Matsuura},
  title     = {Advantages of the mean absolute error (MAE) over the root mean square error (RMSE) in assessing average model performance},
  journal   = {Climate Research},
  volume    = {30},
  number    = {1},
  pages     = {79--82},
  year      = {2005},
  url       = {http://www.jstor.org/stable/24869236}
}

@article{riley2017,
  author    = {James M. Riley and Kevin Sweeney and Sriram Venkataraman and Ryan Klein},
  title     = {How inventory management systems mistreat retail project quantity items and other bimodally distributed products},
  journal   = {The International Review of Retail, Distribution and Consumer Research},
  volume    = {28},
  number    = {3},
  pages     = {277--293},
  year      = {2017},
  doi       = {10.1080/09593969.2017.1393442}
}

@article{kharodawala2022,
  author    = {H.A. Kharodawala and A. Mahajan and J. Moorkanat},
  title     = {Multi-modal supply chain distribution problem},
  journal   = {OPSEARCH},
  volume    = {59},
  pages     = {747--768},
  year      = {2022},
  doi       = {10.1007/s12597-021-00567-9}
}

@article{rojas2021,
  author    = {Felipe Rojas and Paulo Wanke and Fernando Bravo and Yew-Soon Tan},
  title     = {Inventory pooling decisions under demand scenarios in times of COVID-19},
  journal   = {Computers \& Industrial Engineering},
  volume    = {161},
  pages     = {107591},
  year      = {2021},
  doi       = {10.1016/j.cie.2021.107591}
}

@article{berry2016,
  author    = {Tom Berry and Andrew Newing and David Davies and Kate Branch},
  title     = {Using workplace population statistics to understand retail store performance},
  journal   = {The International Review of Retail, Distribution and Consumer Research},
  volume    = {26},
  number    = {4},
  pages     = {375--395},
  year      = {2016},
  doi       = {10.1080/09593969.2016.1170066}
}

@article{ramaekers2008,
  author    = {K. Ramaekers and G.K. Janssens},
  title     = {On the choice of a demand distribution for inventory management models},
  journal   = {European Journal of Industrial Engineering},
  volume    = {2},
  number    = {4},
  pages     = {479--501},
  year      = {2008},
  doi       = {10.1504/EJIE.2008.018441}
}
