%%%%%%%%%%%%%%%%%%%%%%%%%% Some abbreviations that you could use %%%%%%%%%%%%%%%%%%%%%%%%%%%%%
@STRING{ei = "Econometric Institute"}
@STRING{eur = "Erasmus University Rotterdam"}
@STRING{ti = "Tinbergen Institute"}
@STRING{uva = "University of Amsterdam"}
@STRING{vua = "Vrije Universiteit Amsterdam"}

@STRING{ectr = "Econometrica"}
@STRING{jedc = "Journal of Economic Dynamics and Control"}
@STRING{jf = "Journal of Finance"}

%%%%%%%%%%%%%%%%%%%%%%%%%%%%%%%%%%%%%%%%%%%%%%%%%%%%%%%%%%%%%%%%%%%%%%%%%%%%%%%%%%%%%%%%%%%%%

@TECHREPORT{Door94A,
  author = {Doornik, Jurgen A. and Hansen, Henrik},
  year = 1994,
  title = {An Omnibus Test for Univariate and Multivariate Normality},
  institution = {Nuffield College, Oxford, UK.},
  comment = {In map Tests},
}  
@ARTICLE{Engl82A,
  author = {Engle, Robert F.},
  year = 1982,
  title = {Autoregressive Conditional Heteroscedasticity with Estimates of the
          Variance of {U}nited {K}ingdom Inflation},
  journal = ectr,
  volume = 50,
  number = 4,
  pages = {987--1008},
  comment = {In map GARCH, en in ARCH, Selected readings}
}
@ARTICLE{Glos93A,
  author = {Glosten, Lawrence R. and Jagannathan, Ravi and Runkle, David E.},
  year = 1993,
  title = {On the Relation between the Expected Value and the Volatility
    of the Nominal Excess Return on Stocks},
  journal = jf,
  volume = 48,
  number = 5,
  pages = {1779--1801},
  doi = {http://www.jstor.org/stable/2329067},
  comment = {In map Garch}
}
@BOOK{Tayl86A,
  author = {Taylor, Stephen John},
  year = 1986,
  title = {Modelling Financial Time Series},
  publisher = {Wiley},
  address = {Chichester},
  comment = {Heb ik niet}
}
@MANUAL{Tant11A,
  author = {Tantau, Till and Wright, Joseph and Mileti\'c, Vedran},
  year = 2011,
  title = {The Beamer class: User Guide for Version 3.11},
  doi = {http://bitbucket.org/rivanvx/beamer},
  comment = {Niet geprint}
}
@ARTICLE{Zako94A,
  author = {Zakoian, Jean-Michel},
  year = 1994,
  title = {Threshold Heteroskedastic Models},
  journal = jedc,
  volume = 18,
  number = 5,
  pages = {931--955},
  doi = {http://dx.doi.org/10.1016/0165-1889(94)90039-6},
  keywords = {GARCH models, asymmetries in volatility, stationarity},
  comment = {In map GARCH}
}


